
   <record>
      <leader>00000nz  a2200000nc 4500</leader>
      <controlfield tag="001">institutions/30079133</controlfield>
      <controlfield tag="003">DE-633</controlfield>
      <controlfield tag="005">20250620052122.0</controlfield>
      <controlfield tag="008">161109||||z|||a|||||||||||||||||n||||||d</controlfield>
      <datafield tag="024" ind1="7" ind2=" ">
         <subfield code="a">ROK-CChu</subfield>
         <subfield code="q">siglum</subfield>
         <subfield code="2">rism</subfield>
      </datafield>
      <datafield tag="040" ind1=" " ind2=" ">
         <subfield code="a">DE-633</subfield>
         <subfield code="c">DE-633</subfield>
         <subfield code="e">rismg</subfield>
      </datafield>
      <datafield tag="043" ind1=" " ind2=" ">
         <subfield code="c">XB-KR</subfield>
      </datafield>
      <datafield tag="110" ind1="1" ind2=" ">
         <subfield code="a">Hallym University, Ilsong Memorial Library</subfield>
         <subfield code="c">Chuncheon</subfield>
         <subfield code="g">ROK-CChu</subfield>
      </datafield>
      <datafield tag="368" ind1=" " ind2=" ">
         <subfield code="a">Institution</subfield>
      </datafield>
      <datafield tag="368" ind1=" " ind2=" ">
         <subfield code="a">Library</subfield>
      </datafield>
      <datafield tag="371" ind1=" " ind2=" ">
         <subfield code="a">Hallym University, Ilsong Memorial,  Library, 1, Hallimdaehak-gil, Chuncheon-si,,  Gangwon-do, Chuncheon 200-702, Republic of Korea</subfield>
         <subfield code="u">http://library.hallym.ac.kr/</subfield>
      </datafield>
      <datafield tag="551" ind1="1" ind2=" ">
         <subfield code="a">Chuncheon</subfield>
         <subfield code="0">places/3905478</subfield>
      </datafield>
   </record>