
   <record>
      <leader>00000nz  a2200000nc 4500</leader>
      <controlfield tag="001">institutions/30079124</controlfield>
      <controlfield tag="003">DE-633</controlfield>
      <controlfield tag="005">20250620052122.0</controlfield>
      <controlfield tag="008">161109||||z|||a|||||||||||||||||n||||||d</controlfield>
      <datafield tag="024" ind1="7" ind2=" ">
         <subfield code="a">ROK-SWwc</subfield>
         <subfield code="q">siglum</subfield>
         <subfield code="2">rism</subfield>
      </datafield>
      <datafield tag="040" ind1=" " ind2=" ">
         <subfield code="a">DE-633</subfield>
         <subfield code="c">DE-633</subfield>
         <subfield code="e">rismg</subfield>
      </datafield>
      <datafield tag="043" ind1=" " ind2=" ">
         <subfield code="c">XB-KR</subfield>
      </datafield>
      <datafield tag="110" ind1="1" ind2=" ">
         <subfield code="a">Suwon Women's College Library</subfield>
         <subfield code="c">Suwon</subfield>
         <subfield code="g">ROK-SWwc</subfield>
      </datafield>
      <datafield tag="368" ind1=" " ind2=" ">
         <subfield code="a">Institution</subfield>
      </datafield>
      <datafield tag="368" ind1=" " ind2=" ">
         <subfield code="a">Library</subfield>
      </datafield>
      <datafield tag="371" ind1=" " ind2=" ">
         <subfield code="a">Suwon Women's College Library, 72, Onjeong-ro, Gwonseon-gu, Suwon-si,,  Gyeonggi-do, Suwon 441-748, Republic of Korea</subfield>
         <subfield code="u">http://lib.swc.ac.kr/</subfield>
      </datafield>
      <datafield tag="551" ind1="1" ind2=" ">
         <subfield code="a">Suwon</subfield>
         <subfield code="0">places/3905473</subfield>
      </datafield>
   </record>