
   <record>
      <leader>00000nz  a2200000nc 4500</leader>
      <controlfield tag="001">institutions/30078906</controlfield>
      <controlfield tag="003">DE-633</controlfield>
      <controlfield tag="005">20250620052120.0</controlfield>
      <controlfield tag="008">161109||||z|||a|||||||||||||||||n||||||d</controlfield>
      <datafield tag="024" ind1="7" ind2=" ">
         <subfield code="a">ROK-Spcts</subfield>
         <subfield code="q">siglum</subfield>
         <subfield code="2">rism</subfield>
      </datafield>
      <datafield tag="040" ind1=" " ind2=" ">
         <subfield code="a">DE-633</subfield>
         <subfield code="c">DE-633</subfield>
         <subfield code="e">rismg</subfield>
      </datafield>
      <datafield tag="043" ind1=" " ind2=" ">
         <subfield code="c">XB-KR</subfield>
      </datafield>
      <datafield tag="110" ind1="1" ind2=" ">
         <subfield code="a">Presbyterian College and Theological Seminary</subfield>
         <subfield code="c">Seoul</subfield>
         <subfield code="g">ROK-Spcts</subfield>
      </datafield>
      <datafield tag="368" ind1=" " ind2=" ">
         <subfield code="a">Institution</subfield>
      </datafield>
      <datafield tag="368" ind1=" " ind2=" ">
         <subfield code="a">Library</subfield>
      </datafield>
      <datafield tag="371" ind1=" " ind2=" ">
         <subfield code="a">Presbyterian College and Theological,  Seminary, 25-1, Gwangjang-ro 5-Gil, Gwangjin-gu, Seoul 143-756, Republic of Korea</subfield>
         <subfield code="u">http://www.pcts.ac.kr</subfield>
      </datafield>
      <datafield tag="410" ind1=" " ind2=" ">
         <subfield code="a">Changnohoe Sinhak Taehakkyo</subfield>
      </datafield>
      <datafield tag="551" ind1="1" ind2=" ">
         <subfield code="a">Seoul</subfield>
         <subfield code="0">places/3901912</subfield>
      </datafield>
   </record>